@misc{PLP-Framework,
  author = {Srishti Rawat and Unnati Tyagi and Shefali Singhal},
  title = {Recommender Systems in E-commerce and their Challenges},
  howpublished = {\url{https://ieeexplore.ieee.org/document/9725681}},
  year = {2022},
  note = {Accessed: 2024-10-17},
}
